<?xml version="1.0" encoding="UTF-8"?><collection xmlns="http://www.loc.gov/MARC21/slim"><record><leader>00575nam--2200205-u-4500</leader><controlfield tag="001">000050630</controlfield><controlfield tag="002">20161230</controlfield><controlfield tag="005">20161230201048</controlfield><controlfield tag="008">080225s1000------------r-----000-0-eng-d</controlfield><datafield ind1=" " ind2=" " tag="020"><subfield code="a">0521838053</subfield></datafield><datafield ind1=" " ind2=" " tag="040"><subfield code="a">IFIN-HH</subfield></datafield><datafield ind1=" " ind2=" " tag="080"><subfield code="a">519.683.5</subfield></datafield><datafield ind1="1" ind2=" " tag="100"><subfield code="a">Rijsbergen,Keith van</subfield></datafield><datafield ind1="1" ind2="0" tag="245"><subfield code="a">The Geometry or Information Retrieval</subfield><subfield code="c">Keith van Rijsbergen</subfield></datafield><datafield ind1=" " ind2=" " tag="260"><subfield code="a">Cambridge</subfield><subfield code="b">University Press</subfield><subfield code="c">2004</subfield></datafield><datafield ind1=" " ind2=" " tag="300"><subfield code="a">150 p</subfield></datafield><datafield ind1=" " ind2=" " tag="504"><subfield code="a">Includes bibliographical references and index</subfield></datafield><datafield ind1=" " ind2="4" tag="650"><subfield code="a">The geometry of IR</subfield></datafield><datafield ind1=" " ind2=" " tag="852"><subfield code="a">81957</subfield><subfield code="c">519.2</subfield></datafield><datafield ind1=" " ind2=" " tag="CAT"><subfield code="a">Sys</subfield><subfield code="c">20100621</subfield><subfield code="h">134247</subfield></datafield></record></collection>